

@article{hunter2024_karuta,
  author    = {Ian F. V. G. Hunter},
  title     = {Kyōgi Karuta Overseas: Analysing how Phonetic Variation in the Kimari-Ji of The Hyakunin Isshu affects Gameplay in International Adaptations},
  journal   = {Electronic Journal of Contemporary Japanese Studies},
  year      = {2024}
}

@inproceedings{hunter2024_psp,
  author    = {Ian F. V. G. Hunter},
  title     = {Pre-silicon performance benchmarking and actionable architecture feedback},
  booktitle = {AMD EMEA Tech Summit},
  year      = {2024},
}

@article{hunter2023_gnoll,
  author    = {Ian F. V. G. Hunter},
  title     = {GNOLL: Efficient Software for Real-World Dice Notation and Extensions},
  journal   = {Journal of Open Source Software},
  year      = {2023},
  note      = {}
}

@inproceedings{hunter2022_vpu,
  author    = {Ian F. V. G. Hunter},
  title     = {Towards Optimal VPU Compiler Cost Modeling by using Neural Networks to Infer Hardware Performances},
  booktitle = {Intel Design \& Test Technology Conference},
  year      = {2022},
  note      = {}
}

@inproceedings{2025_GTAC_amd,
  author    = {Ian F. V. G. Hunter},
  title     = {Unlocking Industry-Leading Inference on XDNA2 NPUs},
  booktitle = {AMD Global Technical Authors Conference},
  year      = {2025},
  note      = {Forthcoming}
}

// POSTERS


@misc{hunter2016_fathom_evs,
  author    = {Ian F. V. G. Hunter},
  title     = {Fathom: Myriad2 Neural Compute Stick},
  howpublished = {Embedded Vision Summit},
  year      = {2016},
}

@misc{hunter2016_fathom_nips,
  author    = {Ian F. V. G. Hunter},
  title     = {Movidius Fathom: Deep Learning in a USB Stick},
  howpublished = {Conference on Neural Information Processing Systems (NIPS)},
  year      = {2016},
}

@misc{2024_emea_amd,
  author    = {Ian F. V. G. Hunter},
  title     = {Pre-silicon performance benchmarking and actionable architecture feedback},
  howpublished = {AMD EMEA Tech Summit},
  year      = {2024},
}
@misc{2025_emea_amd,
  author    = {Ian F. V. G. Hunter},
  title     = {Industry-Leading Inference on XDNA2 NPUs},
  howpublished = {AMD EMEA Tech Summit},
  year         = {2025},
  note         = {Recieved many votes for Best Poster}
}

// THESES

@thesis{hunter2014_ba,
  author    = {Ian F. V. G. Hunter},
  title     = {Optimizing Web Content Download in Low-Performance Networks},
  school    = {Trinity College Dublin},
  year      = {2014},
  note      = {BA(Mod) Final Year Project. 1st Place for Best Poster, Notable Mention for Presentation.}
}

@thesis{hunter2020_msc,
  author    = {Ian F. V. G. Hunter},
  title     = {Effective Index-Mapping of Quantized Values for Low-Precision Neural Networks on Power-Efficient Embedded Devices},
  school    = {Trinity College Dublin},
  year      = {2020},
  note      = {Master’s Thesis}
}

// PATENTS

@patent{hunter2022_vpu_model,
  author       = {Ian F. V. G. Hunter},
  title        = {Neural Network Based Power and Performance Model for Versatile Processing Units},
  year         = {2022},
  type         = {Patent},
  number       = {Pending},
}
@patent{hunter2023_gnn_scheduling,
  author       = {Ian F. V. G. Hunter},
  title        = {Graph Neural Network Model for Neural Network Scheduling Decisions},
  year         = {2023},
  type         = {Patent},
  number       = {Pending},
}
